@article{Maxwell1865,
	doi = {10.1098/rstl.1865.0008},
	url = {https://doi.org/10.1098%2Frstl.1865.0008},
	year = 1865,
	month = {jan},
	publisher = {The Royal Society},
	volume = {155},
	number = {0},
	pages = {459--512},
	author = {J. C. Maxwell},
	title = {A Dynamical Theory of the Electromagnetic Field},
	journal = {Philosophical Transactions of the Royal Society of London}
}

@article{Bertolini:2014bba,
      author         = "Bertolini, Daniele and Harris, Philip and Low, Matthew
                        and Tran, Nhan",
      title          = "{Pileup Per Particle Identification}",
      journal        = "JHEP",
      volume         = "10",
      year           = "2014",
      pages          = "059",
      doi            = "10.1007/JHEP10(2014)059",
      eprint         = "1407.6013",
      archivePrefix  = "arXiv",
      primaryClass   = "hep-ph",
      reportNumber   = "FERMILAB-PUB-14-238-PPD, EFI-14-18, MIT-CTP-4558",
      SLACcitation   = "%%CITATION = ARXIV:1407.6013;%%"
}

