@article{Bertolini:2014bba,
      author         = "Bertolini, Daniele and Harris, Philip and Low, Matthew
                        and Tran, Nhan",
      title          = "{Pileup Per Particle Identification}",
      journal        = "JHEP",
      volume         = "10",
      year           = "2014",
      pages          = "059",
      doi            = "10.1007/JHEP10(2014)059",
      eprint         = "1407.6013",
      archivePrefix  = "arXiv",
      primaryClass   = "hep-ph",
      reportNumber   = "FERMILAB-PUB-14-238-PPD, EFI-14-18, MIT-CTP-4558",
      SLACcitation   = "%%CITATION = ARXIV:1407.6013;%%"
}

@article{Agostinelli:2002hh,
      author         = "Agostinelli, S. and others",
      title          = "{GEANT4: A Simulation toolkit}",
      collaboration  = "GEANT4",
      journal        = "Nucl. Instrum. Meth.",
      volume         = "A506",
      year           = "2003",
      pages          = "250-303",
      doi            = "10.1016/S0168-9002(03)01368-8",
      reportNumber   = "SLAC-PUB-9350, FERMILAB-PUB-03-339",
      SLACcitation   = "%%CITATION = NUIMA,A506,250;%%"
}



@article{Ellis:1638463,
      author        = "Ellis, John",
      title         = "{Supersymmetric Fits after the Higgs Discovery and
                       Implications for Model Building}",
      journal       = "Eur. Phys. J. C",
      number        = "arXiv:1312.5426. KCL-PH-TH-2013-46. LCTS-2013-31.
                       CERN-PH-TH-2013-309",
      volume        = "74",
      pages         = "2732. 11 p",
      month         = "Dec",
      year          = "2013",
      reportNumber  = "arXiv:1312.5426",
      url           = "https://cds.cern.ch/record/1638463",
      note          = "Comments: 11 pages, 11 figures, invited article in a
                       special edition of EPJC (European Journal of Physics C) on
                       "Supersymmetry after the Higgs discovery"",
}
@article{Farrar:1978xj,
      author         = "Farrar, Glennys R. and Fayet, Pierre",
      title          = "{Phenomenology of the Production, Decay, and Detection of
                        New Hadronic States Associated with Supersymmetry}",
      journal        = "Phys. Lett.",
      volume         = "76B",
      year           = "1978",
      pages          = "575-579",
      doi            = "10.1016/0370-2693(78)90858-4",
      reportNumber   = "CALT-68-648",
      SLACcitation   = "%%CITATION = PHLTA,76B,575;%%"
}
@article{Haag:1974qh,
      author         = "Haag, Rudolf and Lopuszanski, Jan T. and Sohnius, Martin",
      title          = "{All Possible Generators of Supersymmetries of the s
                        Matrix}",
      journal        = "Nucl. Phys.",
      volume         = "B88",
      year           = "1975",
      pages          = "257",
      doi            = "10.1016/0550-3213(75)90279-5",
      note           = "[,257(1974)]",
      reportNumber   = "Print-74-1630 (KARLSRUHE)",
      SLACcitation   = "%%CITATION = NUPHA,B88,257;%%"
}
@article{Coleman:1967ad,
      author         = "Coleman, Sidney R. and Mandula, J.",
      title          = "{All Possible Symmetries of the S Matrix}",
      booktitle      = "{Hadrons and their Interactions: Current and Field
                        Algebra, Soft Pions, Supermultiplets, and Related Topics}",
      journal        = "Phys. Rev.",
      volume         = "159",
      year           = "1967",
      pages          = "1251-1256",
      doi            = "10.1103/PhysRev.159.1251",
      SLACcitation   = "%%CITATION = PHRVA,159,1251;%%"
}

@article{Pape:2006ar,
      author         = "Pape, L. and Treille, D.",
      title          = "{Supersymmetry facing experiment: Much ado (already)
                        about nothing (yet)}",
      journal        = "Rept. Prog. Phys.",
      volume         = "69",
      year           = "2006",
      pages          = "2843-3067",
      doi            = "10.1088/0034-4885/69/11/R01",
      SLACcitation   = "%%CITATION = RPPHA,69,2843;%%"
}

@inproceedings{Dissertori:2010xe,
      author         = "Dissertori, Guenther",
      title          = "{LHC Detectors and Early Physics}",
      booktitle      = "{Proceedings, 65th Scottish Universities Summer School in
                        Physics: LHC Physics (SUSSP65): St. Andrews, UK, August
                        16-29, 2009}",
      year           = "2010",
      pages          = "197-230",
      doi            = "10.1201/b11865-9",
      eprint         = "1003.2222",
      archivePrefix  = "arXiv",
      primaryClass   = "hep-ex",
      SLACcitation   = "%%CITATION = ARXIV:1003.2222;%%"
}











@article{Dimopoulos:1995mi,
      author         = "Dimopoulos, S. and Giudice, G. F.",
      title          = "{Naturalness constraints in supersymmetric theories with
                        nonuniversal soft terms}",
      journal        = "Phys. Lett.",
      volume         = "B357",
      year           = "1995",
      pages          = "573-578",
      doi            = "10.1016/0370-2693(95)00961-J",
      eprint         = "hep-ph/9507282",
      archivePrefix  = "arXiv",
      primaryClass   = "hep-ph",
      reportNumber   = "CERN-TH-95-188",
      SLACcitation   = "%%CITATION = HEP-PH/9507282;%%"
}

@article{Barbieri:2009ev,
      author         = "Barbieri, Riccardo and Pappadopulo, Duccio",
      title          = "{S-particles at their naturalness limits}",
      journal        = "JHEP",
      volume         = "10",
      year           = "2009",
      pages          = "061",
      doi            = "10.1088/1126-6708/2009/10/061",
      eprint         = "0906.4546",
      archivePrefix  = "arXiv",
      primaryClass   = "hep-ph",
      SLACcitation   = "%%CITATION = ARXIV:0906.4546;%%"
}
@article{Papucci:2011wy,
      author         = "Papucci, Michele and Ruderman, Joshua T. and Weiler,
                        Andreas",
      title          = "{Natural SUSY Endures}",
      journal        = "JHEP",
      volume         = "09",
      year           = "2012",
      pages          = "035",
      doi            = "10.1007/JHEP09(2012)035",
      eprint         = "1110.6926",
      archivePrefix  = "arXiv",
      primaryClass   = "hep-ph",
      reportNumber   = "DESY-11-193, CERN-PH-TH-265",
      SLACcitation   = "%%CITATION = ARXIV:1110.6926;%%"
}

@article{Han:2014kaa,
      author         = "Han, Zhenyu and Kribs, Graham D. and Martin, Adam and
                        Menon, Arjun",
      title          = "{Hunting quasidegenerate Higgsinos}",
      journal        = "Phys. Rev.",
      volume         = "D89",
      year           = "2014",
      number         = "7",
      pages          = "075007",
      doi            = "10.1103/PhysRevD.89.075007",
      eprint         = "1401.1235",
      archivePrefix  = "arXiv",
      primaryClass   = "hep-ph",
      SLACcitation   = "%%CITATION = ARXIV:1401.1235;%%"
}
@article{Giudice:2010wb,
      author         = "Giudice, Gian F. and Han, Tao and Wang, Kai and Wang,
                        Lian-Tao",
      title          = "{Nearly Degenerate Gauginos and Dark Matter at the LHC}",
      journal        = "Phys. Rev.",
      volume         = "D81",
      year           = "2010",
      pages          = "115011",
      doi            = "10.1103/PhysRevD.81.115011",
      eprint         = "1004.4902",
      archivePrefix  = "arXiv",
      primaryClass   = "hep-ph",
      reportNumber   = "CERN-PH-TH-2010-056, MADPH-10-1556, IPMU09-0102",
      SLACcitation   = "%%CITATION = ARXIV:1004.4902;%%"
}
@article{Kraml:2012er,
      author         = "Kraml, S.",
      title          = "{SUSY status after one year of LHC}",
      year           = "2012",
      eprint         = "1206.6618",
      archivePrefix  = "arXiv",
      primaryClass   = "hep-ph",
      SLACcitation   = "%%CITATION = ARXIV:1206.6618;%%"
}
@article{Autermann:2016les,
      author         = "Autermann, Christian",
      title          = "{Experimental status of supersymmetry after the LHC
                        Run-I}",
      journal        = "Prog. Part. Nucl. Phys.",
      volume         = "90",
      year           = "2016",
      pages          = "125-155",
      doi            = "10.1016/j.ppnp.2016.06.001",
      eprint         = "1609.01686",
      archivePrefix  = "arXiv",
      primaryClass   = "hep-ex",
      SLACcitation   = "%%CITATION = ARXIV:1609.01686;%%"
}
@article{Arbey:2011ab,
      author         = "Arbey, A. and Battaglia, M. and Djouadi, A. and Mahmoudi,
                        F. and Quevillon, J.",
      title          = "{Implications of a 125 GeV Higgs for supersymmetric
                        models}",
      journal        = "Phys. Lett.",
      volume         = "B708",
      year           = "2012",
      pages          = "162-169",
      doi            = "10.1016/j.physletb.2012.01.053",
      eprint         = "1112.3028",
      archivePrefix  = "arXiv",
      primaryClass   = "hep-ph",
      reportNumber   = "CERN-PH-TH-2011-310, LPT-ORSAY-11-122, LYCEN-2011-16",
      SLACcitation   = "%%CITATION = ARXIV:1112.3028;%%"
}

@article{Gross:2010qma,
      author         = "Gross, Eilam and Vitells, Ofer",
      title          = "{Trial factors for the look elsewhere effect in high
                        energy physics}",
      journal        = "Eur. Phys. J.",
      volume         = "C70",
      year           = "2010",
      pages          = "525-530",
      doi            = "10.1140/epjc/s10052-010-1470-8",
      eprint         = "1005.1891",
      archivePrefix  = "arXiv",
      primaryClass   = "physics.data-an",
      SLACcitation   = "%%CITATION = ARXIV:1005.1891;%%"
}

@article{Chatrchyan:2012xdj,
      author         = "Chatrchyan, Serguei and others",
      title          = "{Observation of a new boson at a mass of 125 GeV with the
                        CMS experiment at the LHC}",
      collaboration  = "CMS",
      journal        = "Phys. Lett.",
      volume         = "B716",
      year           = "2012",
      pages          = "30-61",
      doi            = "10.1016/j.physletb.2012.08.021",
      eprint         = "1207.7235",
      archivePrefix  = "arXiv",
      primaryClass   = "hep-ex",
      reportNumber   = "CMS-HIG-12-028, CERN-PH-EP-2012-220",
      SLACcitation   = "%%CITATION = ARXIV:1207.7235;%%"
}

@article{Aad:2012tfa,
      author         = "Aad, Georges and others",
      title          = "{Observation of a new particle in the search for the
                        Standard Model Higgs boson with the ATLAS detector at the
                        LHC}",
      collaboration  = "ATLAS",
      journal        = "Phys. Lett.",
      volume         = "B716",
      year           = "2012",
      pages          = "1-29",
      doi            = "10.1016/j.physletb.2012.08.020",
      eprint         = "1207.7214",
      archivePrefix  = "arXiv",
      primaryClass   = "hep-ex",
      reportNumber   = "CERN-PH-EP-2012-218",
      SLACcitation   = "%%CITATION = ARXIV:1207.7214;%%"
}

@article{Noether1918,
author = {Noether, E.},
journal = {Nachrichten von der Gesellschaft der Wissenschaften zu Göttingen, Mathematisch-Physikalische Klasse},
language = {ger},
pages = {235-257},
title = {Invariante Variationsprobleme},
url = {http://eudml.org/doc/59024},
volume = {1918},
year = {1918},
}

@article{Ellis:2012465,
      author        = "Ellis, John and Gaillard, Mary K and Nanopoulos, Dimitri
                       V",
      title         = "{A Historical Profile of the Higgs Boson. An Updated
                       Historical Profile of the Higgs Boson}",
      number        = "arXiv:1504.07217. KCL-PH-TH-2015-20. LCTS-2015-10.
                       CERN-PH-TH-2015-098",
      pages         = "22 p",
      month         = "Apr",
      year          = "2015",
      reportNumber  = "arXiv:1504.07217",
      url           = "https://cds.cern.ch/record/2012465",
      note          = "Comments: 22 pages, 5 figures, update of arXiv:1201.6045,
                       to be published in the volume "The Standard Theory of
                       Particle Physics", edited by Luciano Maiani and Gigi
                       Rolandi",
}
@article{PhysRevLett.10.531,
  title = {Unitary Symmetry and Leptonic Decays},
  author = {Cabibbo, Nicola},
  journal = {Phys. Rev. Lett.},
  volume = {10},
  issue = {12},
  pages = {531--533},
  numpages = {0},
  year = {1963},
  month = {Jun},
  publisher = {American Physical Society},
  doi = {10.1103/PhysRevLett.10.531},
  url = {https://link.aps.org/doi/10.1103/PhysRevLett.10.531}
}

@article{PhysRevD.98.030001,
      author         = "Tanabashi, M. and others",
      title          = "{Review of Particle Physics}",
      collaboration  = "Particle Data Group",
      journal        = "Phys. Rev.",
      volume         = "D98",
      year           = "2018",
      number         = "3",
      pages          = "030001",
      doi            = "10.1103/PhysRevD.98.030001",
      SLACcitation   = "%%CITATION = PHRVA,D98,030001;%%"
}






@book{Kane:2244793,
      author        = "Kane, Gordon",
      title         = "{Modern elementary particle physics: explaining and
                       extending the standard model; 2nd ed.}",
      publisher     = "Cambridge University Press",
      address       = "Cambridge",
      year          = "2017",
      url           = "https://cds.cern.ch/record/2244793",
}

@article{Glashow:1961tr,
      author         = "Glashow, S. L.",
      title          = "{Partial Symmetries of Weak Interactions}",
      journal        = "Nucl. Phys.",
      volume         = "22",
      year           = "1961",
      pages          = "579-588",
      doi            = "10.1016/0029-5582(61)90469-2",
      SLACcitation   = "%%CITATION = NUPHA,22,579;%%"
}
@article{Salam:1968rm,
      author         = "Salam, Abdus",
      title          = "{Weak and Electromagnetic Interactions}",
      booktitle      = "{8th Nobel Symposium Lerum, Sweden, May 19-25, 1968}",
      journal        = "Conf. Proc.",
      volume         = "C680519",
      year           = "1968",
      pages          = "367-377",
      SLACcitation   = "%%CITATION = CONFP,C680519,367;%%"
}
@article{Weinberg:1967tq,
      author         = "Weinberg, Steven",
      title          = "{A Model of Leptons}",
      journal        = "Phys. Rev. Lett.",
      volume         = "19",
      year           = "1967",
      pages          = "1264-1266",
      doi            = "10.1103/PhysRevLett.19.1264",
      SLACcitation   = "%%CITATION = PRLTA,19,1264;%%"
}
@article{Han:1965pf,
      author         = "Han, M. Y. and Nambu, Yoichiro",
      title          = "{Three Triplet Model with Double SU(3) Symmetry}",
      journal        = "Phys. Rev.",
      volume         = "139",
      year           = "1965",
      pages          = "B1006-B1010",
      doi            = "10.1103/PhysRev.139.B1006",
      note           = "[,187(1965)]",
      SLACcitation   = "%%CITATION = PHRVA,139,B1006;%%"
}
@article{GellMann:1962xb,
      author         = "Gell-Mann, Murray",
      title          = "{Symmetries of baryons and mesons}",
      journal        = "Phys. Rev.",
      volume         = "125",
      year           = "1962",
      pages          = "1067-1084",
      doi            = "10.1103/PhysRev.125.1067",
      SLACcitation   = "%%CITATION = PHRVA,125,1067;%%"
}
@article{Greenberg:1964pe,
      author         = "Greenberg, O. W.",
      title          = "{Spin and Unitary Spin Independence in a Paraquark Model
                        of Baryons and Mesons}",
      journal        = "Phys. Rev. Lett.",
      volume         = "13",
      year           = "1964",
      pages          = "598-602",
      doi            = "10.1103/PhysRevLett.13.598",
      SLACcitation   = "%%CITATION = PRLTA,13,598;%%"
}

@article{PhysRevD.98.030001,
  title = {Review of Particle Physics},
  author = {Tanabashi, M. et al.}
  collaboration = {Particle Data Group},
  journal = {Phys. Rev. D},
  volume = {98},
  issue = {3},
  pages = {030001},
  numpages = {1898},
  year = {2018},
  month = {Aug},
  publisher = {American Physical Society},
  doi = {10.1103/PhysRevD.98.030001},
  url = {https://link.aps.org/doi/10.1103/PhysRevD.98.030001}
}

@article{Gross:1973id,
      author         = "Gross, David J. and Wilczek, Frank",
      title          = "{Ultraviolet Behavior of Nonabelian Gauge Theories}",
      journal        = "Phys. Rev. Lett.",
      volume         = "30",
      year           = "1973",
      pages          = "1343-1346",
      doi            = "10.1103/PhysRevLett.30.1343",
      note           = "[,271(1973)]",
      SLACcitation   = "%%CITATION = PRLTA,30,1343;%%"
}

@article{Politzer:1973fx,
      author         = "Politzer, H. David",
      title          = "{Reliable Perturbative Results for Strong Interactions?}",
      journal        = "Phys. Rev. Lett.",
      volume         = "30",
      year           = "1973",
      pages          = "1346-1349",
      doi            = "10.1103/PhysRevLett.30.1346",
      note           = "[,274(1973)]",
      SLACcitation   = "%%CITATION = PRLTA,30,1346;%%"
}
@article{Sirunyan:2017wif,
      author         = "Sirunyan, Albert M and others",
      title          = "{Search for direct production of supersymmetric partners
                        of the top quark in the all-jets final state in
                        proton-proton collisions at $ \sqrt{s}=13 $ TeV}",
      collaboration  = "CMS",
      journal        = "JHEP",
      volume         = "10",
      year           = "2017",
      pages          = "005",
      doi            = "10.1007/JHEP10(2017)005",
      eprint         = "1707.03316",
      archivePrefix  = "arXiv",
      primaryClass   = "hep-ex",
      reportNumber   = "CMS-SUS-16-049, CERN-EP-2017-129",
      SLACcitation   = "%%CITATION = ARXIV:1707.03316;%%"
}
@article{Khachatryan:2015lwa,
      author         = "Khachatryan, Vardan and others",
      title          = "{Search for Physics Beyond the Standard Model in Events
                        with Two Leptons, Jets, and Missing Transverse Momentum in
                        pp Collisions at sqrt(s) = 8 TeV}",
      collaboration  = "CMS",
      journal        = "JHEP",
      volume         = "04",
      year           = "2015",
      pages          = "124",
      doi            = "10.1007/JHEP04(2015)124",
      eprint         = "1502.06031",
      archivePrefix  = "arXiv",
      primaryClass   = "hep-ex",
      reportNumber   = "CMS-SUS-14-014, CERN-PH-EP-2015-033",
      SLACcitation   = "%%CITATION = ARXIV:1502.06031;%%"
}
@article{Aad:2015wqa,
      author         = "Aad, Georges and others",
      title          = "{Search for supersymmetry in events containing a
                        same-flavour opposite-sign dilepton pair, jets, and large
                        missing transverse momentum in $\sqrt{s}=8$  TeV pp
                        collisions with the ATLAS detector}",
      collaboration  = "ATLAS",
      journal        = "Eur. Phys. J.",
      volume         = "C75",
      year           = "2015",
      number         = "7",
      pages          = "318",
      doi            = "10.1140/epjc/s10052-015-3661-9,
                        10.1140/epjc/s10052-015-3518-2",
      note           = "[Erratum: Eur. Phys. J.C75,no.10,463(2015)]",
      eprint         = "1503.03290",
      archivePrefix  = "arXiv",
      primaryClass   = "hep-ex",
      reportNumber   = "CERN-PH-EP-2015-038",
      SLACcitation   = "%%CITATION = ARXIV:1503.03290;%%"
}
@article{Sirunyan:2018fpa,
      author         = "Sirunyan, A. M. and others",
      title          = "{Performance of the CMS muon detector and muon
                        reconstruction with proton-proton collisions at
                        $\sqrt{s}=$ 13 TeV}",
      collaboration  = "CMS",
      journal        = "JINST",
      volume         = "13",
      year           = "2018",
      number         = "06",
      pages          = "P06015",
      doi            = "10.1088/1748-0221/13/06/P06015",
      eprint         = "1804.04528",
      archivePrefix  = "arXiv",
      primaryClass   = "physics.ins-det",
      reportNumber   = "CMS-MUO-16-001, CERN-EP-2018-058",
      SLACcitation   = "%%CITATION = ARXIV:1804.04528;%%"
}




@article{Olive_2016,
    doi = {10.1088/1674-1137/40/10/100001},
    url = {https://doi.org/10.1088%2F1674-1137%2F40%2F10%2F100001},
    year = 2016,
    month = {oct},
    publisher = {{IOP} Publishing},
    volume = {40},
    number = {10},
    pages = {100001},
    author = {K.A. Olive},
    title = {Review of Particle Physics},
    journal = {Chinese Physics C},
}
@article{Bertone:2004pz,
      author         = "Bertone, Gianfranco and Hooper, Dan and Silk, Joseph",
      title          = "{Particle dark matter: Evidence, candidates and
                        constraints}",
      journal        = "Phys. Rept.",
      volume         = "405",
      year           = "2005",
      pages          = "279-390",
      doi            = "10.1016/j.physrep.2004.08.031",
      eprint         = "hep-ph/0404175",
      archivePrefix  = "arXiv",
      primaryClass   = "hep-ph",
      reportNumber   = "FERMILAB-PUB-04-047-A",
      SLACcitation   = "%%CITATION = HEP-PH/0404175;%%"
}
@article{Aguilar:2013qda,
      author         = "Aguilar, M. and others",
      title          = "{First Result from the Alpha Magnetic Spectrometer on the
                        International Space Station: Precision Measurement of the
                        Positron Fraction in Primary Cosmic Rays of 0.5–350
                        GeV}",
      collaboration  = "AMS",
      journal        = "Phys. Rev. Lett.",
      volume         = "110",
      year           = "2013",
      pages          = "141102",
      doi            = "10.1103/PhysRevLett.110.141102",
      SLACcitation   = "%%CITATION = PRLTA,110,141102;%%"
}
@article{Peebles:2002gy,
      author         = "Peebles, P. J. E. and Ratra, Bharat",
      title          = "{The Cosmological constant and dark energy}",
      journal        = "Rev. Mod. Phys.",
      volume         = "75",
      year           = "2003",
      pages          = "559-606",
      doi            = "10.1103/RevModPhys.75.559",
      note           = "[,592(2002)]",
      eprint         = "astro-ph/0207347",
      archivePrefix  = "arXiv",
      primaryClass   = "astro-ph",
      reportNumber   = "KSUPT-02-3",
      SLACcitation   = "%%CITATION = ASTRO-PH/0207347;%%"
}
@article{Refregier:2003ct,
      author         = "Refregier, Alexandre",
      title          = "{Weak gravitational lensing by large scale structure}",
      journal        = "Ann. Rev. Astron. Astrophys.",
      volume         = "41",
      year           = "2003",
      pages          = "645-668",
      doi            = "10.1146/annurev.astro.41.111302.102207",
      eprint         = "astro-ph/0307212",
      archivePrefix  = "arXiv",
      primaryClass   = "astro-ph",
      SLACcitation   = "%%CITATION = ASTRO-PH/0307212;%%"
}
@article{Tyson:1998vp,
      author         = "Tyson, J. Anthony and Kochanski, Greg P. and
                        Dell'Antonio, Ian P.",
      title          = "{Detailed mass map of CL0024+1654 from strong lensing}",
      journal        = "Astrophys. J.",
      volume         = "498",
      year           = "1998",
      pages          = "L107",
      doi            = "10.1086/311314",
      eprint         = "astro-ph/9801193",
      archivePrefix  = "arXiv",
      primaryClass   = "astro-ph",
      reportNumber   = "BELL-LABS-TM-970624-23",
      SLACcitation   = "%%CITATION = ASTRO-PH/9801193;%%"
}
@article{PhysRevD.98.030001,
  title = {Review of Particle Physics},
  collaboration = {Particle Data Group},
  journal = {Phys. Rev. D},
  volume = {98},
  issue = {3},
  pages = {030001},
  numpages = {1898},
  year = {2018},
  month = {Aug},
  publisher = {American Physical Society},
  doi = {10.1103/PhysRevD.98.030001},
  url = {https://link.aps.org/doi/10.1103/PhysRevD.98.030001}
}
@article{ArkaniHamed:1998rs,
      author         = "Arkani-Hamed, Nima and Dimopoulos, Savas and Dvali, G.
                        R.",
      title          = "{The Hierarchy problem and new dimensions at a
                        millimeter}",
      journal        = "Phys. Lett.",
      volume         = "B429",
      year           = "1998",
      pages          = "263-272",
      doi            = "10.1016/S0370-2693(98)00466-3",
      eprint         = "hep-ph/9803315",
      archivePrefix  = "arXiv",
      primaryClass   = "hep-ph",
      reportNumber   = "SLAC-PUB-7769, SU-ITP-98-13",
      SLACcitation   = "%%CITATION = HEP-PH/9803315;%%"
}
@article{Hill:2002ap,
      author         = "Hill, Christopher T. and Simmons, Elizabeth H.",
      title          = "{Strong dynamics and electroweak symmetry breaking}",
      journal        = "Phys. Rept.",
      volume         = "381",
      year           = "2003",
      pages          = "235-402",
      doi            = "10.1016/S0370-1573(03)00140-6",
      note           = "[Erratum: Phys. Rept.390,553(2004)]",
      eprint         = "hep-ph/0203079",
      archivePrefix  = "arXiv",
      primaryClass   = "hep-ph",
      reportNumber   = "FERMILAB-PUB-02-045-T, BUHEP-01-09, FERMI-PUB-02-045-T",
      SLACcitation   = "%%CITATION = HEP-PH/0203079;%%"
}
@article{Georgi:1974sy,
      author         = "Georgi, H. and Glashow, S. L.",
      title          = "{Unity of All Elementary Particle Forces}",
      journal        = "Phys. Rev. Lett.",
      volume         = "32",
      year           = "1974",
      pages          = "438-441",
      doi            = "10.1103/PhysRevLett.32.438",
      SLACcitation   = "%%CITATION = PRLTA,32,438;%%"
}
@article{Wess:1973kz,
      author         = "Wess, J. and Zumino, B.",
      title          = "{A Lagrangian Model Invariant Under Supergauge
                        Transformations}",
      journal        = "Phys. Lett.",
      volume         = "49B",
      year           = "1974",
      pages          = "52",
      doi            = "10.1016/0370-2693(74)90578-4",
      reportNumber   = "CERN-TH-1794",
      SLACcitation   = "%%CITATION = PHLTA,49B,52;%%"
}
@article{Fayet:1974pd,
      author         = "Fayet, Pierre",
      title          = "{Supergauge Invariant Extension of the Higgs Mechanism
                        and a Model for the electron and Its Neutrino}",
      journal        = "Nucl. Phys.",
      volume         = "B90",
      year           = "1975",
      pages          = "104-124",
      doi            = "10.1016/0550-3213(75)90636-7",
      reportNumber   = "PTENS-74-7",
      SLACcitation   = "%%CITATION = NUPHA,B90,104;%%"
}
@article{Nilles:1983ge,
      author         = "Nilles, Hans Peter",
      title          = "{Supersymmetry, Supergravity and Particle Physics}",
      journal        = "Phys. Rept.",
      volume         = "110",
      year           = "1984",
      pages          = "1-162",
      doi            = "10.1016/0370-1573(84)90008-5",
      reportNumber   = "UGVA-DPT-1983-12-412",
      SLACcitation   = "%%CITATION = PRPLC,110,1;%%"
}

@article{Khachatryan:2014qwa,
      author         = "Khachatryan, Vardan and others",
      title          = "{Searches for electroweak production of charginos,
                        neutralinos, and sleptons decaying to leptons and W, Z,
                        and Higgs bosons in pp collisions at 8 TeV}",
      collaboration  = "CMS",
      journal        = "Eur. Phys. J.",
      volume         = "C74",
      year           = "2014",
      number         = "9",
      pages          = "3036",
      doi            = "10.1140/epjc/s10052-014-3036-7",
      eprint         = "1405.7570",
      archivePrefix  = "arXiv",
      primaryClass   = "hep-ex",
      reportNumber   = "CMS-SUS-13-006, CERN-PH-EP-2014-098",
      SLACcitation   = "%%CITATION = ARXIV:1405.7570;%%"
}
@article{Khachatryan:2015lwa,
      author         = "Khachatryan, Vardan and others",
      title          = "{Search for Physics Beyond the Standard Model in Events
                        with Two Leptons, Jets, and Missing Transverse Momentum in
                        pp Collisions at sqrt(s) = 8 TeV}",
      collaboration  = "CMS",
      journal        = "JHEP",
      volume         = "04",
      year           = "2015",
      pages          = "124",
      doi            = "10.1007/JHEP04(2015)124",
      eprint         = "1502.06031",
      archivePrefix  = "arXiv",
      primaryClass   = "hep-ex",
      reportNumber   = "CMS-SUS-14-014, CERN-PH-EP-2015-033",
      SLACcitation   = "%%CITATION = ARXIV:1502.06031;%%"
}

@article{Grazzini:2016swo,
      author         = "Grazzini, Massimiliano and Kallweit, Stefan and Rathlev,
                        Dirk and Wiesemann, Marius",
      title          = "{$W^{\pm}Z$ production at hadron colliders in NNLO QCD}",
      journal        = "Phys. Lett.",
      volume         = "B761",
      year           = "2016",
      pages          = "179-183",
      doi            = "10.1016/j.physletb.2016.08.017",
      eprint         = "1604.08576",
      archivePrefix  = "arXiv",
      primaryClass   = "hep-ph",
      reportNumber   = "ZU-TH-15-16, MITP-16-037, NSF-KITP-16-046, DESY-16-074",
      SLACcitation   = "%%CITATION = ARXIV:1604.08576;%%"
}
@article{Martin:1997ns,
      author         = "Martin, Stephen P.",
      title          = "{A Supersymmetry primer}",
      year           = "1997",
      pages          = "1-98",
      doi            = "10.1142/9789812839657_0001, 10.1142/9789814307505_0001",
      note           = "[Adv. Ser. Direct. High Energy Phys.18,1(1998)]",
      eprint         = "hep-ph/9709356",
      archivePrefix  = "arXiv",
      primaryClass   = "hep-ph",
      reportNumber   = "FERMILAB-PUB-97-425-T",
      SLACcitation   = "%%CITATION = HEP-PH/9709356;%%"
}




















@article{Sirunyan:2017ulk,
      author         = "Sirunyan, A. M. and others",
      title          = "{Particle-flow reconstruction and global event
                        description with the CMS detector}",
      collaboration  = "CMS",
      journal        = "JINST",
      volume         = "12",
      year           = "2017",
      number         = "10",
      pages          = "P10003",
      doi            = "10.1088/1748-0221/12/10/P10003",
      eprint         = "1706.04965",
      archivePrefix  = "arXiv",
      primaryClass   = "physics.ins-det",
      reportNumber   = "CMS-PRF-14-001, CERN-EP-2017-110",
      SLACcitation   = "%%CITATION = ARXIV:1706.04965;%%"
}
@article{Sirunyan:2018fpa,
      author         = "Sirunyan, A. M. and others",
      title          = "{Performance of the CMS muon detector and muon
                        reconstruction with proton-proton collisions at
                        $\sqrt{s}=$ 13 TeV}",
      collaboration  = "CMS",
      journal        = "JINST",
      volume         = "13",
      year           = "2018",
      number         = "06",
      pages          = "P06015",
      doi            = "10.1088/1748-0221/13/06/P06015",
      eprint         = "1804.04528",
      archivePrefix  = "arXiv",
      primaryClass   = "physics.ins-det",
      reportNumber   = "CMS-MUO-16-001, CERN-EP-2018-058",
      SLACcitation   = "%%CITATION = ARXIV:1804.04528;%%"
}

@article{Cacciari:2008gp,
      author         = "Cacciari, Matteo and Salam, Gavin P. and Soyez, Gregory",
      title          = "{The anti-$k_t$ jet clustering algorithm}",
      journal        = "JHEP",
      volume         = "04",
      year           = "2008",
      pages          = "063",
      doi            = "10.1088/1126-6708/2008/04/063",
      eprint         = "0802.1189",
      archivePrefix  = "arXiv",
      primaryClass   = "hep-ph",
      reportNumber   = "LPTHE-07-03",
      SLACcitation   = "%%CITATION = ARXIV:0802.1189;%%"
}

@article{Salam:2009jx,
      author         = "Salam, Gavin P.",
      title          = "{Towards Jetography}",
      booktitle      = "{2008 CTEQ-MCnet Summer School on QCD Phenomenology and
                        Monte Carlo Event Generators (MCnet 08) (CTEQ 08)
                        Debrecen, Hungary, August 8-16, 2008}",
      journal        = "Eur. Phys. J.",
      volume         = "C67",
      year           = "2010",
      pages          = "637-686",
      doi            = "10.1140/epjc/s10052-010-1314-6",
      eprint         = "0906.1833",
      archivePrefix  = "arXiv",
      primaryClass   = "hep-ph",
      SLACcitation   = "%%CITATION = ARXIV:0906.1833;%%"
}

@article{Dokshitzer:1997in,
      author         = "Dokshitzer, Yuri L. and Leder, G. D. and Moretti, S. and
                        Webber, B. R.",
      title          = "{Better jet clustering algorithms}",
      journal        = "JHEP",
      volume         = "08",
      year           = "1997",
      pages          = "001",
      doi            = "10.1088/1126-6708/1997/08/001",
      eprint         = "hep-ph/9707323",
      archivePrefix  = "arXiv",
      primaryClass   = "hep-ph",
      reportNumber   = "CAVENDISH-HEP-97-06",
      SLACcitation   = "%%CITATION = HEP-PH/9707323;%%"
}



@article{Khachatryan:2016kdb,
      author         = "Khachatryan, Vardan and others",
      title          = "{Jet energy scale and resolution in the CMS experiment in
                        pp collisions at 8 TeV}",
      collaboration  = "CMS",
      journal        = "JINST",
      volume         = "12",
      year           = "2017",
      number         = "02",
      pages          = "P02014",
      doi            = "10.1088/1748-0221/12/02/P02014",
      eprint         = "1607.03663",
      archivePrefix  = "arXiv",
      primaryClass   = "hep-ex",
      reportNumber   = "CMS-JME-13-004, CERN-PH-EP-2015-305",
      SLACcitation   = "%%CITATION = ARXIV:1607.03663;%%"
}



@article{Sirunyan:2017ezt,
      author         = "Sirunyan, A. M. and others",
      title          = "{Identification of heavy-flavour jets with the CMS
                        detector in pp collisions at 13 TeV}",
      collaboration  = "CMS",
      journal        = "JINST",
      volume         = "13",
      year           = "2018",
      number         = "05",
      pages          = "P05011",
      doi            = "10.1088/1748-0221/13/05/P05011",
      eprint         = "1712.07158",
      archivePrefix  = "arXiv",
      primaryClass   = "physics.ins-det",
      reportNumber   = "CMS-BTV-16-002, CERN-EP-2017-326",
      SLACcitation   = "%%CITATION = ARXIV:1712.07158;%%"
}

@article{Chatrchyan:2013dga,
      author         = "Chatrchyan, Serguei and others",
      title          = "{Energy Calibration and Resolution of the CMS
                        Electromagnetic Calorimeter in $pp$ Collisions at
                        $\sqrt{s} = 7$ TeV}",
      collaboration  = "CMS",
      journal        = "JINST",
      volume         = "8",
      year           = "2013",
      pages          = "P09009",
      doi            = "10.1088/1748-0221/8/09/P09009",
      note           = "[JINST8,9009(2013)]",
      eprint         = "1306.2016",
      archivePrefix  = "arXiv",
      primaryClass   = "hep-ex",
      reportNumber   = "CMS-EGM-11-001, CERN-PH-EP-2013-097",
      SLACcitation   = "%%CITATION = ARXIV:1306.2016;%%"
}

@inproceedings{Cockerill:2008td,
      author         = "Cockerill, D. J. A.",
      title          = "{The CMS Electromagnetic Calorimeter at the LHC}",
      booktitle      = "{Proceedings, 34th International Conference on High
                        Energy Physics (ICHEP 2008): Philadelphia, Pennsylvania,
                        July 30-August 5, 2008}",
      collaboration  = "CMS ECAL",
      year           = "2008",
      eprint         = "0810.0381",
      archivePrefix  = "arXiv",
      primaryClass   = "physics.ins-det",
      SLACcitation   = "%%CITATION = ARXIV:0810.0381;%%"
}

@book{CERN-LHCC-97-010,
      title         = "{The CMS magnet project: Technical Design Report}",
      publisher     = "CERN",
      collaboration = "CMS Collaboration",
      address       = "Geneva",
      series        = "Technical Design Report CMS",
      year          = "1997",
      reportNumber  = "CERN-LHCC-97-010",
      url           = "https://cds.cern.ch/record/331056",
}

@article{Schott:2014sea,
      author         = "Schott, Matthias and Dunford, Monica",
      title          = "{Review of single vector boson production in pp
                        collisions at $\sqrt{s} = 7$ TeV}",
      journal        = "Eur. Phys. J.",
      volume         = "C74",
      year           = "2014",
      pages          = "2916",
      doi            = "10.1140/epjc/s10052-014-2916-1",
      eprint         = "1405.1160",
      archivePrefix  = "arXiv",
      primaryClass   = "hep-ex",
      SLACcitation   = "%%CITATION = ARXIV:1405.1160;%%"
}


@article{Chatrchyan:2008aa,
      author         = "Chatrchyan, S. and others",
      title          = "{The CMS Experiment at the CERN LHC}",
      collaboration  = "CMS",
      journal        = "JINST",
      volume         = "3",
      year           = "2008",
      pages          = "S08004",
      doi            = "10.1088/1748-0221/3/08/S08004",
      SLACcitation   = "%%CITATION = JINST,3,S08004;%%"
}

@article{Chatrchyan:2009hb,
      author         = "Chatrchyan, S and others",
      title          = "{Commissioning of the CMS Experiment and the Cosmic Run
                        at Four Tesla}",
      collaboration  = "CMS",
      journal        = "JINST",
      volume         = "5",
      year           = "2010",
      pages          = "T03001",
      doi            = "10.1088/1748-0221/5/03/T03001",
      eprint         = "0911.4845",
      archivePrefix  = "arXiv",
      primaryClass   = "physics.ins-det",
      reportNumber   = "CMS-CFT-09-008",
      SLACcitation   = "%%CITATION = ARXIV:0911.4845;%%"
}

@inproceedings{Lista:2016chp,
      author         = "Lista, Luca",
      title          = "{Practical Statistics for Particle Physicists}",
      booktitle      = "{Proceedings, 2016 European School of High-Energy Physics
                        (ESHEP2016): Skeikampen, Norway, June 15-28 2016}",
      year           = "2017",
      pages          = "213-258",
      doi            = "10.23730/CYRSP-2017-005.213",
      eprint         = "1609.04150",
      archivePrefix  = "arXiv",
      primaryClass   = "physics.data-an",
      SLACcitation   = "%%CITATION = ARXIV:1609.04150;%%"
}

@article{Sirunyan:2018nqx,
      author         = "Sirunyan, Albert M and others",
      title          = "{Measurement of the inelastic proton-proton cross section
                        at $ \sqrt{s}=13 $ TeV}",
      collaboration  = "CMS",
      journal        = "JHEP",
      volume         = "07",
      year           = "2018",
      pages          = "161",
      doi            = "10.1007/JHEP07(2018)161",
      eprint         = "1802.02613",
      archivePrefix  = "arXiv",
      primaryClass   = "hep-ex",
      reportNumber   = "CMS-FSQ-15-005, CERN-EP-2018-004",
      SLACcitation   = "%%CITATION = ARXIV:1802.02613;%%"
}






















@book{CERN-LHCC-97-031,
      title         = "{The CMS hadron calorimeter project: Technical Design
                       Report}",
      publisher     = "CERN",
      collaboration = "CMS Collaboration",
      address       = "Geneva",
      series        = "Technical Design Report CMS",
      year          = "1997",
      reportNumber  = "CERN-LHCC-97-031",
      url           = "https://cds.cern.ch/record/357153",
      note          = "The following files are from <a
                       href="http://uscms.fnal.gov/pub/hcal_tdr/">http://uscms.fnal.gov/pub/hcal_tdr/</a>
                       and may not be the version as printed, please check the
                       printed version to be sure",
}
@article{Baiatian:2007xva,
      author         = "Abdullin, S. and others",
      title          = "{Design, performance, and calibration of CMS
                        hadron-barrel calorimeter wedges}",
      collaboration  = "CMS HCAL",
      journal        = "Eur. Phys. J.",
      volume         = "C55",
      year           = "2008",
      number         = "1",
      pages          = "159-171",
      doi            = "10.1140/epjc/s10052-008-0573-y",
      reportNumber   = "FERMILAB-PUB-08-246-CMS, CERN-CMS-NOTE-2006-138,
                        CMS-NOTE-2006-138",
      SLACcitation   = "%%CITATION = EPHJA,C55,159;%%"
}



@article{DAlfonso:2009vko,
      author         = "D'Alfonso, Mariarosaria and others",
      title          = "{Validation tests of the CMS TIB/TID structures}",
      year           = "2009",
      reportNumber   = "CMS-NOTE-2009-010, CERN-CMS-NOTE-2009-010",
      SLACcitation   = "%%CITATION = CMS-NOTE-2009-010;%%"
}

@article{Chatrchyan:2014fea,
      author         = "Chatrchyan, Serguei and others",
      title          = "{Description and performance of track and primary-vertex
                        reconstruction with the CMS tracker}",
      collaboration  = "CMS",
      journal        = "JINST",
      volume         = "9",
      year           = "2014",
      number         = "10",
      pages          = "P10009",
      doi            = "10.1088/1748-0221/9/10/P10009",
      eprint         = "1405.6569",
      archivePrefix  = "arXiv",
      primaryClass   = "physics.ins-det",
      reportNumber   = "CMS-TRK-11-001, CERN-PH-EP-2014-070",
      SLACcitation   = "%%CITATION = ARXIV:1405.6569;%%"
}

@article{Chatrchyan:2012xi,
      author         = "Chatrchyan, Serguei and others",
      title          = "{Performance of CMS muon reconstruction in $pp$ collision
                        events at $\sqrt{s}=7$ TeV}",
      collaboration  = "CMS",
      journal        = "JINST",
      volume         = "7",
      year           = "2012",
      pages          = "P10002",
      doi            = "10.1088/1748-0221/7/10/P10002",
      eprint         = "1206.4071",
      archivePrefix  = "arXiv",
      primaryClass   = "physics.ins-det",
      reportNumber   = "CMS-MUO-10-004, CERN-PH-EP-2012-173",
      SLACcitation   = "%%CITATION = ARXIV:1206.4071;%%"
}



@article{Khachatryan:2015hwa,
      author         = "Khachatryan, Vardan and others",
      title          = "{Performance of Electron Reconstruction and Selection
                        with the CMS Detector in Proton-Proton Collisions at
                        √s = 8  TeV}",
      collaboration  = "CMS",
      journal        = "JINST",
      volume         = "10",
      year           = "2015",
      number         = "06",
      pages          = "P06005",
      doi            = "10.1088/1748-0221/10/06/P06005",
      eprint         = "1502.02701",
      archivePrefix  = "arXiv",
      primaryClass   = "physics.ins-det",
      reportNumber   = "CMS-EGM-13-001, CERN-PH-EP-2015-004",
      SLACcitation   = "%%CITATION = ARXIV:1502.02701;%%"
}
@article{Khachatryan:2016bia,
      author         = "Khachatryan, Vardan and others",
      title          = "{The CMS trigger system}",
      collaboration  = "CMS",
      journal        = "JINST",
      volume         = "12",
      year           = "2017",
      number         = "01",
      pages          = "P01020",
      doi            = "10.1088/1748-0221/12/01/P01020",
      eprint         = "1609.02366",
      archivePrefix  = "arXiv",
      primaryClass   = "physics.ins-det",
      reportNumber   = "CMS-TRG-12-001, CERN-EP-2016-160",
      SLACcitation   = "%%CITATION = ARXIV:1609.02366;%%"
}


@article{Ball:2014uwa,
      author         = "Ball, Richard D. and others",
      title          = "{Parton distributions for the LHC Run II}",
      collaboration  = "NNPDF",
      journal        = "JHEP",
      volume         = "04",
      year           = "2015",
      pages          = "040",
      doi            = "10.1007/JHEP04(2015)040",
      eprint         = "1410.8849",
      archivePrefix  = "arXiv",
      primaryClass   = "hep-ph",
      reportNumber   = "EDINBURGH-2014-15, IFUM-1034-FT, CERN-PH-TH-2013-253,
                        OUTP-14-11P, CAVENDISH-HEP-14-11",
      SLACcitation   = "%%CITATION = ARXIV:1410.8849;%%"
}
@article{Ball:2017nwa,
      author         = "Ball, R. and others",
      title          = "{Parton distributions from high-precision collider data}",
      collaboration  = "NNPDF",
      journal        = "Eur. Phys. J.",
      volume         = "C77",
      year           = "2017",
      number         = "10",
      pages          = "663",
      doi            = "10.1140/epjc/s10052-017-5199-5",
      eprint         = "1706.00428",
      archivePrefix  = "arXiv",
      primaryClass   = "hep-ph",
      reportNumber   = "CAVENDISH-HEP-17-06, CERN-TH-2017-077, EDINBURGH-2017-08,
                        NIKHEF-2017-006, OUTP-17-04P, TIF-UNIMI-2017-3",
      SLACcitation   = "%%CITATION = ARXIV:1706.00428;%%"
}

@article{Mangano:2006rw,
       author         = "Mangano, Michelangelo L. and Moretti, Mauro and
                         Piccinini, Fulvio and Treccani, Michele",
       title          = "{Matching matrix elements and shower evolution for
                         top-quark production in hadronic collisions}",
       journal        = "JHEP",
       volume         = "01",
       year           = "2007",
       pages          = "013",
       doi            = "10.1088/1126-6708/2007/01/013",
       eprint         = "hep-ph/0611129",
       archivePrefix  = "arXiv",
       primaryClass   = "hep-ph",
       reportNumber   = "CERN-PH-TH-2006-232, FNT-T-2006-09",
       SLACcitation   = "%%CITATION = HEP-PH/0611129;%%"
}

@article{Alwall:2014hca,
      author         = "Alwall, J. and Frederix, R. and Frixione, S. and Hirschi,
                        V. and Maltoni, F. and Mattelaer, O. and Shao, H. -S. and
                        Stelzer, T. and Torrielli, P. and Zaro, M.",
      title          = "{The automated computation of tree-level and
                        next-to-leading order differential cross sections, and
                        their matching to parton shower simulations}",
      journal        = "JHEP",
      volume         = "07",
      year           = "2014",
      pages          = "079",
      doi            = "10.1007/JHEP07(2014)079",
      eprint         = "1405.0301",
      archivePrefix  = "arXiv",
      primaryClass   = "hep-ph",
      reportNumber   = "CERN-PH-TH-2014-064, CP3-14-18, LPN14-066, MCNET-14-09,
                        ZU-TH-14-14",
      SLACcitation   = "%%CITATION = ARXIV:1405.0301;%%"
}


@article{Oleari:2010nx,
      author         = "Oleari, Carlo",
      title          = "{The POWHEG-BOX}",
      booktitle      = "{Proceedings,  10th DESY Workshop on Elementary Particle
                        Theory: Loops and Legs in Quantum Field Theory}",
      journal        = "Nucl. Phys. Proc. Suppl.",
      volume         = "205-206",
      year           = "2010",
      pages          = "36",
      doi            = "10.1016/j.nuclphysbps.2010.08.016",
      eprint         = "1007.3893",
      archivePrefix  = "arXiv",
      primaryClass   = "hep-ph",
      SLACcitation   = "%%CITATION = ARXIV:1007.3893;%%"
}


@article{Alioli:2009je,
      author         = "Alioli, Simone and Nason, Paolo and Oleari, Carlo and Re,
                        Emanuele",
      title          = "{NLO single-top production matched with shower in POWHEG:
                        $s$- and $t$-channel contributions}",
      journal        = "JHEP",
      volume         = "09",
      year           = "2009",
      pages          = "111",
      doi            = "10.1007/JHEP02(2010)011, 10.1088/1126-6708/2009/09/111",
      note           = "[Erratum: {\it JHEP\/} {\bf 02} (2010) 011]",
      eprint         = "0907.4076",
      archivePrefix  = "arXiv",
      primaryClass   = "hep-ph",
      SLACcitation   = "%%CITATION = ARXIV:0907.4076;%%"
}



@Article{Sjostrand:2006za,
      author         = "Sj{\"o}strand, Torbj{\"o}rn and Mrenna, Stephen and Skands, Peter",
      title          = "{PYTHIA} 6.4 physics and manual",
      journal        = "JHEP",
      volume         = "05",
      pages          = "026",
      doi            = "10.1088/1126-6708/2006/05/026",
      year           = "2006",
      eprint         = "hep-ph/0603175",
      archivePrefix  = "arXiv",
      primaryClass   = "hep-ph",
      reportNumber   = "FERMILAB-PUB-06-052-CD-T, LU-TP-06-13",
      SLACcitation   = "%%CITATION = HEP-PH/0603175;%%",
}

@article{Andersson:1983ia,
      author         = "Andersson, Bo and Gustafson, G. and Ingelman, G. and
                        Sj{\"o}strand, T.",
      title          = "{Parton Fragmentation and String Dynamics}",
      journal        = "Phys. Rept.",
      volume         = "97",
      year           = "1983",
      pages          = "31-145",
      doi            = "10.1016/0370-1573(83)90080-7",
      reportNumber   = "LU-TP-83-10",
      SLACcitation   = "%%CITATION = PRPLC,97,31;%%"
}

@article{Matchev:1999ft,
     author         = "Matchev, Konstantin T. and Thomas, Scott D.",
     title          = "{Higgs and Z boson signatures of supersymmetry}",
     journal        = "Phys. Rev. D",
     volume         = "62",
     pages          = "077702",
     doi            = "10.1103/PhysRevD.62.077702",
     year           = "2000",
     eprint         = "hep-ph/9908482",
     archivePrefix  = "arXiv",
     primaryClass   = "hep-ph",
     reportNumber   = "FERMILAB-PUB-99-140-T, SU-ITP-99-35",
     SLACcitation   = "%%CITATION = HEP-PH/9908482;%%",
}



@article{Meade:2009qv,
     author         = "Meade, Patrick and Reece, Matthew and Shih, David",
     title          = "{Prompt decays of general neutralino NLSPs at the
                       Tevatron}",
     journal        = "JHEP",
     volume         = "05",
     pages          = "105",
     doi            = "10.1007/JHEP05(2010)105",
     year           = "2010",
     eprint         = "0911.4130",
     archivePrefix  = "arXiv",
     primaryClass   = "hep-ph",
     SLACcitation   = "%%CITATION = ARXIV:0911.4130;%%",
}

@article{Ruderman,
      author         = "Ruderman, Joshua T. and Shih, David",
      title          = "{General neutralino NLSPs at the early LHC}",
      journal        = "JHEP",
      volume         = "08",
      pages          = "159",
      doi            = "10.1007/JHEP08(2012)159",
      year           = "2012",
      eprint         = "1103.6083",
      archivePrefix  = "arXiv",
      primaryClass   = "hep-ph",
      SLACcitation   = "%%CITATION = ARXIV:1103.6083;%%",
}
@techreport{lumi,
      title         = "{CMS Luminosity Measurements for the 2016 Data Taking
                       Period}",
      institution   = "CERN",
      collaboration = "CMS Collaboration",
      address       = "Geneva",
      number        = "CMS-PAS-LUM-17-001",
      year          = "2017",
      reportNumber  = "CMS-PAS-LUM-17-001",
      url           = "http://cds.cern.ch/record/2257069",
}


@book{Brüning:782076,
      author        = "Brüning, Oliver Sim and Collier, Paul and Lebrun, P and
                       Myers, Stephen and Ostojic, Ranko and Poole, John and
                       Proudlock, Paul",
      title         = "{LHC Design Report}",
      publisher     = "CERN",
      address       = "Geneva",
      series        = "CERN Yellow Reports: Monographs",
      year          = "2004",
      url           = "https://cds.cern.ch/record/782076",
}
@article{lhc,
     author = {W. G. Thomason, J and Garoby, Roland and Gilardoni, S and J. Jenner, L and Pasternak, J},
     year = {2013},
     month = {05},
     pages = {},
     title = {Proton driver scenarios at CERN and Rutherford Appleton Laboratory},
     volume = {16},
     journal = {Physical Review Special Topics - Accelerators and Beams},
     doi = {10.1103/PhysRevSTAB.16.054801}
}


@article{Armstrong:1994it,
      author         = "Armstrong, W. W. and others",
      title          = "{ATLAS: Technical proposal for a general-purpose p p
                        experiment at the Large Hadron Collider at CERN}",
      collaboration  = "ATLAS",
      year           = "1994",
      reportNumber   = "CERN-LHCC-94-43",
      SLACcitation   = "%%CITATION = CERN-LHCC-94-43;%%"
}  

@book{CERN-LHCC-98-004,
      title         = "{LHCb : Technical Proposal}",
      publisher     = "CERN",
      address       = "Geneva",
      series        = "Tech. Proposal",
      year          = "1998",
      reportNumber  = "CERN-LHCC-98-004",
      url           = "https://cds.cern.ch/record/622031",
}

@article{alice,
      key            = "413235",
      title          = "{ALICE: Technical proposal for a large ion collider
                        experiment at the CERN LHC}",
      year           = "1995",
      reportNumber   = "CERN-LHCC-95-71, CERN-LHCC-P-3",
      SLACcitation   = "%%CITATION = CERN-LHCC-95-71;%%"
}  

@techreport{lep,
      title         = "{Technical proposal: L3}",
      number        = "CERN-LEPC-83-5. LEPC-P-4",
      year          = "1983",
      url           = "https://cds.cern.ch/record/297266",
}

@article{Boussard:1999rf,
      author         = "Boussard, D. and Linnecar, T.",
      title          = "{The LHC Superconducting RF System}",
      booktitle      = "{Proceedings, Cryogenic Engineering Conference (CEC
                        1999), Montreal, Canada, July 12-15, 1999}",
      journal        = "Adv. Cryog. Eng.",
      volume         = "45A",
      year           = "2000",
      pages          = "835-844",
      reportNumber   = "CERN-LHC-PROJECT-REPORT-316, LHC-PROJECT-REPORT-316",
      SLACcitation   = "%%CITATION = ACYEA,45A,835;%%"
}
@article{Sjostrand:2014zea,
      author         = "Sj{\"o}strand, Torbj{\"o}rn and Ask, Stefan and Christiansen,
                        Jesper R. and Corke, Richard and Desai, Nishita and Ilten,
                        Philip and Mrenna, Stephen and Prestel, Stefan and
                        Rasmussen, Christine O. and Skands, Peter Z.",
      title          = "{An Introduction to PYTHIA 8.2}",
      journal        = "Comput. Phys. Commun.",
      volume         = "191",
      year           = "2015",
      pages          = "159-177",
      doi            = "10.1016/j.cpc.2015.01.024",
      eprint         = "1410.3012",
      archivePrefix  = "arXiv",
      primaryClass   = "hep-ph",
      reportNumber   = "LU-TP-14-36, MCNET-14-22, CERN-PH-TH-2014-190,
                        FERMILAB-PUB-14-316-CD, DESY-14-178, SLAC-PUB-16122",
      SLACcitation   = "%%CITATION = ARXIV:1410.3012;%%"
}

@article{Sirunyan:2018nwe,
      author         = " Sirunyan, Albert M and others ",
      title          = "{Search for supersymmetric partners of electrons and
                        muons in proton-proton collisions at $\sqrt{s}=$ 13 TeV}",
      collaboration  = "CMS",
      journal        = "Phys. Lett.",
      volume         = "B790",
      year           = "2019",
      pages          = "140-166",
      doi            = "10.1016/j.physletb.2019.01.005",
      eprint         = "1806.05264",
      archivePrefix  = "arXiv",
      primaryClass   = "hep-ex",
      reportNumber   = "CMS-SUS-17-009, CERN-EP-2018-132, CMS-SUS-17-009,
                        CERN-EP-2018-132",
      SLACcitation   = "%%CITATION = ARXIV:1806.05264;%%"
}

@article{Sirunyan:2017qaj,
      author         = "Sirunyan, Albert M and others",
      title          = "{Search for new phenomena in final states with two
                        opposite-charge, same-flavor leptons, jets, and missing
                        transverse momentum in pp collisions at $ \sqrt{s}=13 $
                        TeV}",
      collaboration  = "CMS",
      journal        = "JHEP",
      volume         = "03",
      year           = "2018",
      pages          = "076",
      doi            = "10.1007/s13130-018-7845-2, 10.1007/JHEP03(2018)076",
      eprint         = "1709.08908",
      archivePrefix  = "arXiv",
      primaryClass   = "hep-ex",
      reportNumber   = "CMS-SUS-16-034, CERN-EP-2017-170",
      SLACcitation   = "%%CITATION = ARXIV:1709.08908;%%"
}

@article{Sirunyan:2019kia,
      author         = " Sirunyan, Albert M and others ",
      title          = "{Performance of missing transverse momentum
                        reconstruction in proton-proton collisions at $\sqrt{s} =$
                        13 TeV using the CMS detector}",
      collaboration  = "CMS",
      journal        = "JINST",
      volume         = "14",
      year           = "2019",
      number         = "07",
      pages          = "P07004",
      doi            = "10.1088/1748-0221/14/07/P07004",
      eprint         = "1903.06078",
      archivePrefix  = "arXiv",
      primaryClass   = "hep-ex",
      reportNumber   = "CMS-JME-17-001, CERN-EP-2018-335",
      SLACcitation   = "%%CITATION = ARXIV:1903.06078;%%"
}





@article{Amaldi:1991cn,
      author         = "Amaldi, Ugo and de Boer, Wim and Furstenau, Hermann",
      title          = "{Comparison of grand unified theories with electroweak
                        and strong coupling constants measured at LEP}",
      journal        = "Phys. Lett.",
      volume         = "B260",
      year           = "1991",
      pages          = "447-455",
      doi            = "10.1016/0370-2693(91)91641-8",
      reportNumber   = "CERN-PPE-91-44, IEKP-KA-91-01",
      SLACcitation   = "%%CITATION = PHLTA,B260,447;%%"
}

@article{soft,
      author = {Kaul, R and Majumdar, Parthasarathi},
      year = {1982},
      month = {05},
      pages = {36â58},
      title = {Cancellation of quadratically divergent mass corrections in globally supersymmetric spontaneously broken gauge theories},
      volume = {199},
      journal = {Nuclear Physics B},
      doi = {10.1016/0550-3213(82)90565-X}
}
@article{Chung:2003fi,
      author         = "Chung, D. J. H. and Everett, L. L. and Kane, G. L. and
                        King, S. F. and Lykken, Joseph D. and Wang, Lian-Tao",
      title          = "{The Soft supersymmetry breaking Lagrangian: Theory and
                        applications}",
      journal        = "Phys. Rept.",
      volume         = "407",
      year           = "2005",
      pages          = "1-203",
      doi            = "10.1016/j.physrep.2004.08.032",
      eprint         = "hep-ph/0312378",
      archivePrefix  = "arXiv",
      primaryClass   = "hep-ph",
      reportNumber   = "CERN-TH-2003-182, FERMILAB-PUB-03-228-T, MCTP-03-39,
                        SHEP-03-25",
      SLACcitation   = "%%CITATION = HEP-PH/0312378;%%"
}
@article{Chamseddine:1982jx,
      author         = "Chamseddine, Ali H. and Arnowitt, Richard L. and Nath,
                        Pran",
      title          = "{Locally Supersymmetric Grand Unification}",
      journal        = "Phys. Rev. Lett.",
      volume         = "49",
      year           = "1982",
      pages          = "970",
      doi            = "10.1103/PhysRevLett.49.970",
      reportNumber   = "NUB-2559",
      SLACcitation   = "%%CITATION = PRLTA,49,970;%%"
}
@article{Barbieri:1982eh,
      author         = "Barbieri, Riccardo and Ferrara, S. and Savoy, Carlos A.",
      title          = "{Gauge Models with Spontaneously Broken Local
                        Supersymmetry}",
      journal        = "Phys. Lett.",
      volume         = "119B",
      year           = "1982",
      pages          = "343",
      doi            = "10.1016/0370-2693(82)90685-2",
      reportNumber   = "CERN-TH-3365",
      SLACcitation   = "%%CITATION = PHLTA,119B,343;%%"
}
@article{Ibanez:1982ee,
      author         = "Ibanez, Luis E.",
      title          = "{Locally Supersymmetric SU(5) Grand Unification}",
      journal        = "Phys. Lett.",
      volume         = "118B",
      year           = "1982",
      pages          = "73-78",
      doi            = "10.1016/0370-2693(82)90604-9",
      reportNumber   = "CERN-TH-3374",
      SLACcitation   = "%%CITATION = PHLTA,118B,73;%%"
}
@article{Hall:1983iz,
      author         = "Hall, Lawrence J. and Lykken, Joseph D. and Weinberg,
                        Steven",
      title          = "{Supergravity as the Messenger of Supersymmetry
                        Breaking}",
      journal        = "Phys. Rev.",
      volume         = "D27",
      year           = "1983",
      pages          = "2359-2378",
      doi            = "10.1103/PhysRevD.27.2359",
      SLACcitation   = "%%CITATION = PHRVA,D27,2359;%%"
}
@article{Ellis:1982wr,
      author         = "Ellis, John R. and Nanopoulos, Dimitri V. and Tamvakis,
                        K.",
      title          = "{Grand Unification in Simple Supergravity}",
      journal        = "Phys. Lett.",
      volume         = "121B",
      year           = "1983",
      pages          = "123-129",
      doi            = "10.1016/0370-2693(83)90900-0",
      reportNumber   = "CERN-TH-3418",
      SLACcitation   = "%%CITATION = PHLTA,121B,123;%%"
}
@article{Dine:1981gu,
      author         = "Dine, Michael and Fischler, Willy",
      title          = "{A Phenomenological Model of Particle Physics Based on
                        Supersymmetry}",
      journal        = "Phys. Lett.",
      volume         = "110B",
      year           = "1982",
      pages          = "227-231",
      doi            = "10.1016/0370-2693(82)91241-2",
      reportNumber   = "PRINT-82-0029 (IAS,PRINCETON)",
      SLACcitation   = "%%CITATION = PHLTA,110B,227;%%"
}
@article{Nappi:1982hm,
      author         = "Nappi, Chiara R. and Ovrut, Burt A.",
      title          = "{Supersymmetric Extension of the SU(3) x SU(2) x U(1)
                        Model}",
      journal        = "Phys. Lett.",
      volume         = "113B",
      year           = "1982",
      pages          = "175-179",
      doi            = "10.1016/0370-2693(82)90418-X",
      reportNumber   = "PRINT-82-0093 (IAS,PRINCETON)",
      SLACcitation   = "%%CITATION = PHLTA,113B,175;%%"
}
@article{Dine:248065,
      author        = "Dine, Michael and Nelson, A E",
      title         = "{Dynamical supersymmetry breaking at low energies}",
      journal       = "Phys. Rev. D",
      number        = "hep-ph/9303230. SCIPP-93-03. UCSD-PTH-93-05",
      volume        = "48",
      pages         = "1277-1287. 28 p",
      month         = "Mar",
      year          = "1993",
      reportNumber  = "hep-ph/9303230",
      url           = "https://cds.cern.ch/record/248065",
}
@article{Borschensky:2014cia,
      author         = "Borschensky, Christoph and Krämer, Michael and Kulesza,
                        Anna and Mangano, Michelangelo and Padhi, Sanjay and
                        Plehn, Tilman and Portell, Xavier",
      title          = "{Squark and gluino production cross sections in pp
                        collisions at $\sqrt{s}$ = 13, 14, 33 and 100 TeV}",
      journal        = "Eur. Phys. J.",
      volume         = "C74",
      year           = "2014",
      number         = "12",
      pages          = "3174",
      doi            = "10.1140/epjc/s10052-014-3174-y",
      eprint         = "1407.5066",
      archivePrefix  = "arXiv",
      primaryClass   = "hep-ph",
      reportNumber   = "MS-TP-14-25, CERN-PH-TH-2014-137, TTK-14-13",
      SLACcitation   = "%%CITATION = ARXIV:1407.5066;%%"
}

@article{Dimopoulos:1995ju,
      author         = "Dimopoulos, Savas and Sutter, David W.",
      title          = "{The Supersymmetric flavor problem}",
      journal        = "Nucl. Phys.",
      volume         = "B452",
      year           = "1995",
      pages          = "496-512",
      doi            = "10.1016/0550-3213(95)00421-N",
      eprint         = "hep-ph/9504415",
      archivePrefix  = "arXiv",
      primaryClass   = "hep-ph",
      reportNumber   = "SU-ITP-95-9, CERN-TH-95-101",
      SLACcitation   = "%%CITATION = HEP-PH/9504415;%%"
}
@inproceedings{Djouadi:1998di,
      author         = "Djouadi, A. and others",
      title          = "{The Minimal supersymmetric standard model: Group summary
                        report}",
      booktitle      = "{GDR (Groupement De Recherche) - Supersymetrie
                        Montpellier, France, April 15-17, 1998}",
      collaboration  = "MSSM Working Group",
      year           = "1998",
      eprint         = "hep-ph/9901246",
      archivePrefix  = "arXiv",
      primaryClass   = "hep-ph",
      reportNumber   = "PM-98-45",
      SLACcitation   = "%%CITATION = HEP-PH/9901246;%%"
}

@article{Alwall:2008ag,
      author         = "Alwall, Johan and Schuster, Philip and Toro, Natalia",
      title          = "{Simplified Models for a First Characterization of New
                        Physics at the LHC}",
      journal        = "Phys. Rev.",
      volume         = "D79",
      year           = "2009",
      pages          = "075020",
      doi            = "10.1103/PhysRevD.79.075020",
      eprint         = "0810.3921",
      archivePrefix  = "arXiv",
      primaryClass   = "hep-ph",
      reportNumber   = "SLAC-PUB-13425, SU-ITP-08-24",
      SLACcitation   = "%%CITATION = ARXIV:0810.3921;%%"
}
@article{Alves:2011wf,
      author         = "Alves, Daniele",
      editor         = "Arkani-Hamed, Nima and Arora, Sanjay and Bai, Yang and
                        Baumgart, Matthew and Berger, Joshua and Buckley, Matthew
                        and Butler, Bart and Chang, Spencer and Cheng, Hsin-Chia
                        and Cheung, Clifford and others ",
      title          = "{Simplified Models for LHC New Physics Searches}",
      collaboration  = "LHC New Physics Working Group",
      journal        = "J. Phys.",
      volume         = "G39",
      year           = "2012",
      pages          = "105005",
      doi            = "10.1088/0954-3899/39/10/105005",
      eprint         = "1105.2838",
      archivePrefix  = "arXiv",
      primaryClass   = "hep-ph",
      reportNumber   = "SLAC-PUB-15045, FERMILAB-PUB-11-842-A-PPD",
      SLACcitation   = "%%CITATION = ARXIV:1105.2838;%%"
}




















@techreport{CMS-PAS-LUM-17-001,
      title         = "{CMS Luminosity Measurements for the 2016 Data Taking
                       Period}",
      institution   = "CERN",
      collaboration = "CMS Collaboration",
      address       = "Geneva",
      number        = "CMS-PAS-LUM-17-001",
      year          = "2017",
      reportNumber  = "CMS-PAS-LUM-17-001",
      url           = "http://cds.cern.ch/record/2257069",
}
@article{Sirunyan:2017ezt,
      author         = "Sirunyan, A. M. and others",
      title          = "{Identification of heavy-flavour jets with the CMS
                        detector in pp collisions at 13 TeV}",
      collaboration  = "CMS",
      journal        = "JINST",
      volume         = "13",
      year           = "2018",
      number         = "05",
      pages          = "P05011",
      doi            = "10.1088/1748-0221/13/05/P05011",
      eprint         = "1712.07158",
      archivePrefix  = "arXiv",
      primaryClass   = "physics.ins-det",
      reportNumber   = "CMS-BTV-16-002, CERN-EP-2017-326",
      SLACcitation   = "%%CITATION = ARXIV:1712.07158;%%"
}
@article{Butterworth:2015oua,
      author         = "Butterworth, Jon and others",
      title          = "{PDF4LHC recommendations for LHC Run II}",
      journal        = "J. Phys.",
      volume         = "G43",
      year           = "2016",
      pages          = "023001",
      doi            = "10.1088/0954-3899/43/2/023001",
      eprint         = "1510.03865",
      archivePrefix  = "arXiv",
      primaryClass   = "hep-ph",
      reportNumber   = "OUTP-15-17P, SMU-HEP-15-12, TIF-UNIMI-2015-14,
                        LCTS-2015-27, CERN-PH-TH-2015-249",
      SLACcitation   = "%%CITATION = ARXIV:1510.03865;%%"
}

@article{Stewart:2011cf,
      author         = "Stewart, Iain W. and Tackmann, Frank J.",
      title          = "{Theory Uncertainties for Higgs and Other Searches Using
                        Jet Bins}",
      journal        = "Phys. Rev.",
      volume         = "D85",
      year           = "2012",
      pages          = "034011",
      doi            = "10.1103/PhysRevD.85.034011",
      eprint         = "1107.2117",
      archivePrefix  = "arXiv",
      primaryClass   = "hep-ph",
      SLACcitation   = "%%CITATION = ARXIV:1107.2117;%%"
}

@article{Beenakker:1996ch,
    author         = "Beenakker, W. and Hopker, R. and Spira, M. and Zerwas, P.
                      M.",
    title          = "{Squark and gluino production at hadron colliders}",
    journal        = "Nucl. Phys. B",
    volume         = "492",
    year           = "1997",
    pages          = "51",
    doi            = "10.1016/S0550-3213(97)80027-2",
    eprint         = "hep-ph/9610490",
    archivePrefix  = "arXiv",
    primaryClass   = "hep-ph",
    reportNumber   = "DESY-96-150, CERN-TH-96-215",
    SLACcitation   = "%%CITATION = HEP-PH/9610490;%%"
}

@article{Kulesza:2008jb,
    author         = "Kulesza, A. and Motyka, L.",
    title          = "{Threshold resummation for squark-antisquark and
                      gluino-pair production at the LHC}",
    journal        = "Phys. Rev. Lett.",
    volume         = "102",
    year           = "2009",
    pages          = "111802",
    doi            = "10.1103/PhysRevLett.102.111802",
    eprint         = "0807.2405",
    archivePrefix  = "arXiv",
    primaryClass   = "hep-ph",
    reportNumber   = "DESY-08-096",
    SLACcitation   = "%%CITATION = ARXIV:0807.2405;%%"
}

@article{Kulesza:2009kq,
    author         = "Kulesza, A. and Motyka, L.",
    title          = "{Soft gluon resummation for the production of
                      gluino-gluino and squark-antisquark pairs at the LHC}",
    journal        = "Phys. Rev. D",
    volume         = "80",
    year           = "2009",
    pages          = "095004",
    doi            = "10.1103/PhysRevD.80.095004",
    eprint         = "0905.4749",
    archivePrefix  = "arXiv",
    primaryClass   = "hep-ph",
    reportNumber   = "DESY-09-078, PITHA-09-11",
    SLACcitation   = "%%CITATION = ARXIV:0905.4749;%%"
}

@article{Beenakker:2009ha,
    author         = "Beenakker, Wim and Brensing, Silja and Kramer, Michael
                      and Kulesza, Anna and Laenen, Eric and Niessen, Irene",
    title          = "{Soft-gluon resummation for squark and gluino
                      hadroproduction}",
    journal        = "JHEP",
    volume         = "12",
    year           = "2009",
    pages          = "041",
    doi            = "10.1088/1126-6708/2009/12/041",
    eprint         = "0909.4418",
    archivePrefix  = "arXiv",
    primaryClass   = "hep-ph",
    reportNumber   = "ITP-UU-09-33, NIKHEF-2009-015",
    SLACcitation   = "%%CITATION = ARXIV:0909.4418;%%"
}

@article{Beenakker:2011fu,
    author         = "Beenakker, W. and Brensing, S. and Kramer, M. n and
                      Kulesza, A. and Laenen, E. and Motyka, L. and Niessen, I.",
    title          = "{Squark and Gluino Hadroproduction}",
    journal        = "Int. J. Mod. Phys. A",
    volume         = "26",
    year           = "2011",
    pages          = "2637",
    doi            = "10.1142/S0217751X11053560",
    eprint         = "1105.1110",
    archivePrefix  = "arXiv",
    primaryClass   = "hep-ph",
    reportNumber   = "DESY-11-060, ITFA-11-09, ITP-UU-11-13, NIKHEF-2011-011,
                      TTK-11-12",
    SLACcitation   = "%%CITATION = ARXIV:1105.1110;%%"
}

@article{Borschensky:2014cia,
    author         = "Borschensky, Christoph and Kr\"{a}mer, Michael and Kulesza,
                      Anna and Mangano, Michelangelo and Padhi, Sanjay and
                      Plehn, Tilman and Portell, Xavier",
    title          = "{Squark and gluino production cross sections in pp
                      collisions at $\sqrt{s}$ = 13, 14, 33 and 100 TeV}",
    journal        = "Eur. Phys. J. C",
    volume         = "74",
    year           = "2014",
    pages          = "3174",
    doi            = "10.1140/epjc/s10052-014-3174-y",
    eprint         = "1407.5066",
    archivePrefix  = "arXiv",
    primaryClass   = "hep-ph",
    reportNumber   = "MS-TP-14-25, CERN-PH-TH-2014-137, TTK-14-13",
    SLACcitation   = "%%CITATION = ARXIV:1407.5066;%%"
}



@article{Fuks:2012qx,
    author         = "Fuks, B. and Klasen, M. and Lamprea, D. and Rothering, M.",
    title          = "{Gaugino production in proton-proton collisions at a
                      center-of-mass energy of 8 TeV}",
    journal        = "JHEP",
    volume         = "10",
    pages          = "081",
    doi            = "10.1007/JHEP10(2012)081",
    year           = "2012",
    eprint         = "1207.2159",
    archivePrefix  = "arXiv",
    primaryClass   = "hep-ph",
    reportNumber   = "IPHC-PHENO-12-07, MS-TP-12-05",
    SLACcitation   = "%%CITATION = ARXIV:1207.2159;%%",
}

@article{Fuks:2013vua,
    author         = "Fuks, B. and Klasen, M. and Lamprea, D. and Rothering, M.",
    title          = "{Precision predictions for electroweak superpartner
                      production at hadron colliders with {\sc Resummino}}",
    journal        = "Eur. Phys. J. C",
    volume         = "73",
    pages          = "2480",
    doi            = "10.1140/epjc/s10052-013-2480-0",
    year           = "2013",
    eprint         = "1304.0790",
    archivePrefix  = "arXiv",
    primaryClass   = "hep-ph",
    reportNumber   = "CERN-PH-TH-2013-064, IPHC-PHENO-13-02, MS-TP-13-06",
    SLACcitation   = "%%CITATION = ARXIV:1304.0790;%%",
}


@article{Beenakker:1999xh,
      author         = "Beenakker, W. and Klasen, M. and Kramer, M. and Plehn, T.
                        and Spira, M. and Zerwas, P. M.",
      title          = "{Production of Charginos, Neutralinos, and Sleptons at Hadron Colliders}",
      journal        = "Phys. Rev. Lett.",
      volume         = "83",
      year           = "1999",
      pages          = "3780",
      doi            = "10.1103/PhysRevLett.83.3780",
      eprint         = "hep-ph/9906298",
      archivePrefix  = "arXiv",
      primaryClass   = "hep-ph",
      reportNumber   = "CERN-TH-99-159, DESY-99-055, DTP-99-44, MADPH-99-1114,
                        ANL-HEP-PR-99-71",
      SLACcitation   = "%%CITATION = HEP-PH/9906298;%%"
}
@article{Haffner:1621894,
      author        = "Haffner, Julie",
      title         = "{The CERN accelerator complex. Complexe des
                       accélérateurs du CERN}",
      month         = "Oct",
      year          = "2013",
      reportNumber  = "OPEN-PHO-ACCEL-2013-056",
      url           = "http://cds.cern.ch/record/1621894",
      note          = "General Photo",
}
@techreport{CMS-PAS-SUS-16-034,
      title         = "{Search for new physics in final states with two
                       opposite-sign, same-flavor leptons, jets, and missing
                       transverse momentum in pp collisions at
                       $\sqrt{s}=13~\mathrm{TeV}$}",
      institution   = "CERN",
      collaboration = "CMS Collaboration",
      address       = "Geneva",
      number        = "CMS-PAS-SUS-16-034",
      year          = "2017",
      reportNumber  = "CMS-PAS-SUS-16-034",
      url           = "https://cds.cern.ch/record/2257293",
}



@article{Fuks:2013lya,
     author      = "Fuks, Benjamin and Klasen, Michael and Lamprea, David R. and Rothering, Marcel",
     title         = "{Revisiting slepton pair production at the Large Hadron Collider}",
     journal      =  "JHEP",
     volume      = "01",
     pages      = "168",
     year         = "2014",
     doi         = {10.1007/JHEP01(2014)168},
     eprint         = "1310.2621",
     archivePrefix   = "arXiv",
     primaryClass   = "hep-ph",
     reportNumber   = "CERN-PH-TH-2013-240, MS-TP-13-35",
     SLACcitation   = "%%CITATION = ARXIV:1310.2621;%%",
}





@article{Skands:2003cj,
      author         = "Skands, Peter Z. and others",
      title          = "{SUSY Les Houches accord: Interfacing SUSY spectrum
                        calculators, decay packages, and event generators}",
      journal        = "JHEP",
      volume         = "07",
      year           = "2004",
      pages          = "036",
      doi            = "10.1088/1126-6708/2004/07/036",
      eprint         = "hep-ph/0311123",
      archivePrefix  = "arXiv",
      primaryClass   = "hep-ph",
      reportNumber   = "LU-TP-03-39, SHEP-03-24, CERN-TH-2003-204, ZU-TH-15-03,
                        LMU-19-03, DCPT-03-108, IPPP-03-54, CTS-IISC-2003-07,
                        DESY-03-166, MPP-2003-111",
      SLACcitation   = "%%CITATION = HEP-PH/0311123;%%"
}
@article{Lester:1999tx,
      author         = "Lester, C. G. and Summers, D. J.",
      title          = "{Measuring masses of semiinvisibly decaying particles
                        pair produced at hadron colliders}",
      journal        = "Phys. Lett.",
      volume         = "B463",
      year           = "1999",
      pages          = "99-103",
      doi            = "10.1016/S0370-2693(99)00945-4",
      eprint         = "hep-ph/9906349",
      archivePrefix  = "arXiv",
      primaryClass   = "hep-ph",
      reportNumber   = "CAVENDISH-HEP-99-07",
      SLACcitation   = "%%CITATION = HEP-PH/9906349;%%"
}
@article{Barr_2003,
    doi = {10.1088/0954-3899/29/10/304},
    url = {https://doi.org/10.1088%2F0954-3899%2F29%2F10%2F304},
    year = 2003,
    month = {sep},
    publisher = {{IOP} Publishing},
    volume = {29},
    number = {10},
    pages = {2343--2363},
    author = {Alan Barr and Christopher Lester and Phil Stephens},
    title = {A variable for measuring masses at hadron colliders when missing energy is expected MT2 the truth behind the glamour},
    journal = {Journal of Physics G: Nuclear and Particle Physics},
}

@article{Cowan:2010js,
      author         = "Cowan, Glen and Cranmer, Kyle and Gross, Eilam and
                        Vitells, Ofer",
      title          = "{Asymptotic formulae for likelihood-based tests of new
                        physics}",
      journal        = "Eur. Phys. J.",
      volume         = "C71",
      year           = "2011",
      pages          = "1554",
      doi            = "10.1140/epjc/s10052-011-1554-0,
                        10.1140/epjc/s10052-013-2501-z",
      note           = "[Erratum: Eur. Phys. J.C73,2501(2013)]",
      eprint         = "1007.1727",
      archivePrefix  = "arXiv",
      primaryClass   = "physics.data-an",
      SLACcitation   = "%%CITATION = ARXIV:1007.1727;%%"
}





@article{Khachatryan:2015iwa,
      author         = "Khachatryan, Vardan and others",
      title          = "{Performance of Photon Reconstruction and Identification
                        with the CMS Detector in Proton-Proton Collisions at
                        sqrt(s) = 8 TeV}",
      collaboration  = "CMS",
      journal        = "JINST",
      volume         = "10",
      year           = "2015",
      number         = "08",
      pages          = "P08010",
      doi            = "10.1088/1748-0221/10/08/P08010",
      eprint         = "1502.02702",
      archivePrefix  = "arXiv",
      primaryClass   = "physics.ins-det",
      reportNumber   = "CMS-EGM-14-001, CERN-PH-EP-2015-006",
      SLACcitation   = "%%CITATION = ARXIV:1502.02702;%%"
}
@article{CMS-DP-2017-015,
      title         = "{2017 tracking performance plots}",
      collaboration = "CMS Collaboration",
      month         = "Apr",
      year          = "2017",
      reportNumber  = "CMS-DP-2017-015",
      url           = "https://cds.cern.ch/record/2290524",
}

@article{Sirunyan:2018vig,
      author         = "Sirunyan, Albert M. and others",
      title          = "{Search for supersymmetry in events with a $\tau$ lepton
                        pair and missing transverse momentum in proton-proton
                        collisions at $\sqrt{s} =$ 13 TeV}",
      collaboration  = "CMS",
      journal        = "JHEP",
      volume         = "11",
      year           = "2018",
      pages          = "151",
      doi            = "10.1007/JHEP11(2018)151",
      eprint         = "1807.02048",
      archivePrefix  = "arXiv",
      primaryClass   = "hep-ex",
      reportNumber   = "CMS-SUS-17-003, CERN-EP-2018-149",
      SLACcitation   = "%%CITATION = ARXIV:1807.02048;%%"
}
@techreport{CMS-PAS-SUS-17-002,
      title         = "{Search for supersymmetry in events with tau leptons and
 
                       missing transverse momentum in proton-proton collisions at
                       sqrt(s)=13 TeV}",
      institution   = "CERN",
      collaboration = "CMS Collaboration",
      address       = "Geneva",
      number        = "CMS-PAS-SUS-17-002",
      year          = "2017",
      reportNumber  = "CMS-PAS-SUS-17-002",
      url           = "https://cds.cern.ch/record/2297162",
}
@article{deFlorian:2016spz,
      author         = "de Florian, D. and others",
      title          = "{Handbook of LHC Higgs Cross Sections: 4. Deciphering the
                        Nature of the Higgs Sector}",
      collaboration  = "LHC Higgs Cross Section Working Group",
      doi            = "10.23731/CYRM-2017-002",
      year           = "2016",
      eprint         = "1610.07922",
      archivePrefix  = "arXiv",
      primaryClass   = "hep-ph",
      reportNumber   = "FERMILAB-FN-1025-T, CERN-2017-002-M",
      SLACcitation   = "%%CITATION = ARXIV:1610.07922;%%"
}


@article{PhysRevD.98.030001,
  title = {Review of Particle Physics},
  author = {Tanabashi, M. and others}  
  collaboration = {Particle Data Group},
  journal = {Phys. Rev. D},
  volume = {98},
  issue = {3},
  pages = {030001},
  numpages = {1898},
  year = {2018},
  month = {Aug},
  publisher = {American Physical Society},
  doi = {10.1103/PhysRevD.98.030001},
  url = {https://link.aps.org/doi/10.1103/PhysRevD.98.030001}
} 
